<?xml version="1.0" encoding="UTF-8"?><record xmlns="http://www.loc.gov/MARC21/slim" xmlns:cinclude="http://apache.org/cocoon/include/1.0" xmlns:zs="http://www.loc.gov/zing/srw/">
  <leader>00580cz  a2200133n  4500</leader>
  <controlfield tag="001">n  88283405 </controlfield>
  <controlfield tag="003">DLC</controlfield>
  <controlfield tag="005">19900531165041.2</controlfield>
  <controlfield tag="008">891004n| acannaab|          |n ana |||  </controlfield>
  <datafield tag="010" ind1=" " ind2=" ">
    <subfield code="a">n  88283405 </subfield>
  </datafield>
  <datafield tag="040" ind1=" " ind2=" ">
    <subfield code="a">DLC</subfield>
    <subfield code="c">DLC</subfield>
    <subfield code="d">DLC</subfield>
  </datafield>
  <datafield tag="110" ind1="2" ind2="0">
    <subfield code="a">American Hellenic Institute</subfield>
  </datafield>
  <datafield tag="670" ind1=" " ind2=" ">
    <subfield code="a">United States foreign policy regarding Greece, Turkey, and Cyprus, 1989:</subfield>
    <subfield code="b">CIP t.p. (American Hellenic Institute) galley (Washington, D.C.)</subfield>
  </datafield>
  <datafield tag="670" ind1=" " ind2=" ">
    <subfield code="a">The Rule of law and conditions on foreign aid to Turkey, 1990:</subfield>
    <subfield code="b">CIP t.p. (American Hellenic Institute) t.p. verso (copr.: American Hellenic Institute, Inc.)</subfield>
  </datafield>
</record>